<marcxml:record xmlns:xlink="http://www.w3.org/1999/xlink" xmlns:marcxml="http://www.loc.gov/MARC21/slim" xmlns:mets="http://www.loc.gov/METS/" xmlns:mxe="http://www.loc.gov/mxe" xmlns:rdf="http://www.w3.org/1999/02/22-rdf-syntax-ns#" xmlns:rdfs="http://www.w3.org/2000/01/rdf-schema#" xmlns:skos="http://www.w3.org/2004/02/skos/core#" xmlns:madsrdf="http://www.loc.gov/mads/rdf/v1#" xmlns:ri="http://id.loc.gov/ontologies/RecordInfo#" xmlns:sem="http://marklogic.com/semantics">
  <marcxml:leader>00446nz  a2200145n  4500</marcxml:leader>
  <marcxml:controlfield tag="001">n00009633</marcxml:controlfield>
  <marcxml:controlfield tag="003">DLC</marcxml:controlfield>
  <marcxml:controlfield tag="005">20001127091159.0</marcxml:controlfield>
  <marcxml:controlfield tag="008">001127n| acannaabn          |a ana      </marcxml:controlfield>
  <marcxml:datafield tag="010" ind1=" " ind2=" ">
    <marcxml:subfield code="a">n  00009633 </marcxml:subfield>
  </marcxml:datafield>
  <marcxml:datafield tag="040" ind1=" " ind2=" ">
    <marcxml:subfield code="a">DLC</marcxml:subfield>
    <marcxml:subfield code="b">eng</marcxml:subfield>
    <marcxml:subfield code="c">DLC</marcxml:subfield>
  </marcxml:datafield>
  <marcxml:datafield tag="130" ind1=" " ind2="0">
    <marcxml:subfield code="a">Capitoline she-wolf (Statue)</marcxml:subfield>
  </marcxml:datafield>
  <marcxml:datafield tag="430" ind1=" " ind2="0">
    <marcxml:subfield code="a">Lupa capitolina (Statue)</marcxml:subfield>
  </marcxml:datafield>
  <marcxml:datafield tag="670" ind1=" " ind2=" ">
    <marcxml:subfield code="a">La Lupa capitolina, 2000</marcxml:subfield>
  </marcxml:datafield>
  <marcxml:datafield tag="670" ind1=" " ind2=" ">
    <marcxml:subfield code="a">Grove Dict. of art, 1996:</marcxml:subfield>
    <marcxml:subfield code="b">p. 587, v. 10 (Etruscan: Capitoline She-wolf, early 5th cent. B.C.)</marcxml:subfield>
  </marcxml:datafield>
</marcxml:record>
